LDR  01209paX  2200337 a 45  
001  30518158
003  OCoLC
005  19940501192540.0
008  940511s1994    aru           000 0 eng  
010       $a 94017161
020       $a 1557283656 (alk. paper)
020       $a 1557283729 (pbk. : alk. paper)
040       $a DLC $c DLC $d CUZ
043       $a n-us---
049       $a CUZA
050  00   $a E884 $b .B54 1994
245  00   $a Bill Clinton on stump, state, and stage : $b the rhetorical road to the White House / $c Stephen A. Smith, editor.
260       $a Fayetteville : $b University of Arkansas Press, $c 1994.
300       $a 416 p. ; $c 25 cm.
500       $a UCSC: UNKNOWN BIBLVL - CREATE ERROR FIELD (04/02).
650   0   $a Presidents $z United States $x Election $y 1992.
600  10   $a Clinton, Bill, $d 1946- $x Oratory.
650   2   $a Rhetoric $x Political aspects $z United States $x History $y 20th century.
650   4   $a Communication in politics $z United States $x History $y 20th century.
651   0   $a United States $x Politics and government $y 1989-1993.
690   0   $a White House $z United States.
700  1    $a Smith, Stephen A., $d 1949-
901       $a UCSCb18301538 $b ms    $c -
902       $a 950323
999       $b 1 $c 950306 $d m $e a $f - $g 0
920       $l mstax

Record 3
