LDR  00904cam  22003018a 45  
001  31737634
003  OCoLC
005  19940514171157.0
008  941207s1995    nyu           001 0beng  
010       $a 94048245
020       $a 0671871099
040       $a DLC $c DLC $d IJC $d CUZ
043       $a n-us---
049       $a CUZA
050  00   $a E886 $b .M29 1995
100  1    $a Maraniss, David.
245  10   $a First in his class : $b a biography of Bill Clinton / $c David Maraniss.
260       $a New York : $b Simon & Schuster, $c 1995.
263       $a 9503.
300       $a 512 p. : $b ill. ; $c 24 cm.
500       $a UCSC: 590 SHARED PURCHASE NOTE - MOVE TO 852 $z IN ALL 852'S (04/02).
590       $a Shared purchase with UCSD (MOVE TO 852 $z FOR ALL 852S ).
650   0   $a Presidents $z United States $x Biography.
901       $a UCSCb18333011 $b ms    $c -
902       $a 950320
999       $b 1 $c 950320 $d m $e a $f - $g 0
920       $l mstax
920       $l mcper

Record 4
