LDR  01675cam  22004818a 45  
001  30074077
003  OCoLC
005  19940514171640.0
008  940310s1995    nyuaf    b    001 0 eng  
010       $a 94010892
020       $a 0374116202
040       $a DLC $c DLC $d JBO $d LDL $d CUZ
043       $a n-us-ny
049       $a CUZA
050  00   $a F128.5 $b .D68 1995
100  1    $a Douglas, Ann, $d 1942-
245  10   $a Terrible honesty : $b mongrel Manhattan in the 1920s / $c Ann Douglas.
250       $a 1st ed.
260       $a New York : $b Farrar, Straus, and Giroux, $c 1995.
263       $a 9411.
300       $a xiii, 605 p., [24] p. of plates : $b ill. ; $c 25 cm.
500       $a UCSC MONO: REC HAS MULT. 920s, SOME DUP LOCS - OUTPUT 4 852 FLDS FROM NON-DUP 920$l'S (04/02).
500       $a REC HAS 590 & 934 "LIBRARY HAS" FIELDS - OUTPUT 934 "LIBRARY HAS" AS 852 $3 IN 1ST 852 ONLY; DROP 590 "LIBRARY HAS" FIELD.
500       $a OUTPUT OTHER 590 NOTES IN SEPARATE 852 $x'S IN ALL 852'S.
500       $a OUTPUT NON-"LIBRARY HAS" 934 FLDS AS SEPARATE 852 $x'S FOR ALL 852'S.
590       $a Library has: v.1. (590 FLD)
590       $a Circulating in branch libs. only. (590 FLD)
590       $a SPN. (590 FLD)
650   0   $a Arts, American $z New York (N.Y.)
650   0   $a Arts, Modern $y 20th century $z New York (N.Y.)
651   0   $a New York (N.Y.) $x Intellectual life.
901       $a UCSCb18332821 $b ms    $c -
902       $a 950320
934       $a Library has: v. 1 . (934 FLD)
934       $a Each vol. contains supp. vol. (934 FLD)
999       $b 1 $c 950320 $d m $e a $f - $g 0
920       $l mstax
920       $l scpro
920       $l mprot
920       $l scpro
920       $l mstax
920       $l mcper
920       $l mstax

Record 5
