LDR  00995pam  2200301 a 45  
001  30547949
003  OCoLC
005  19950308121913.0
008  940518s1995    njub     b    001 0 eng  
010       $a 94012972
020       $a 1568212429
040       $a DLC $c DLC $d CUZ
043       $a n-us-ny
049       $a CUZA
050  00   $a F128.9.J5 $b K76 1995
100  1    $a Kranzler, George, $d 1916-
245  10   $a Hasidic Williamsburg : $b a contemporary American Hasidic community / $c George Kranzler.
260       $a Northvale, N.J. : $b Jason Aronson, $c c1995.
300       $a xvi, 331 p : $b maps ; $c 24 cm.
500       $a UCSC MONO: NO 920 $l (NO LOC): NO 852 CREATED, REJECT (02/06).
650   0   $a Jews $z New York (N.Y.) $x Social conditions.
650   0   $a Hasidim $z New York (N.Y.) $x Social conditions.
651   0   $a Williamsburg (New York, N.Y.) $x Social conditions.
651   0   $a New York (N.Y.) $x Social conditions.
901       $a UCSCb18307292 $b ms    $c -
902       $a 950322
999       $b 1 $c 950309 $d m $e a $f - $g 0
920       $a mstax

Record 6
