LDR  00924pam  2200289 a 45  
001  30029344
003  OCoLC
005  19940430141203.0
008  940302s1994    nyua     b    001 0 eng  
010       $a 94009827
020       $a 0815626266 (cloth : alk. paper)
020       $a 0815626274 (alk. paper)
040       $a DLC $c DLC $d CUZ
043       $a n-us-ny
049       $a CUZA
090       $a      
100  1    $a Grover, Kathryn, $d 1953-
245  10   $a Make a way somehow : $b African-American life in a northern community, 1790-1965 / $c Kathryn Grover.
250       $a 1st ed.
260       $a Syracuse, N.Y. : $b Syracuse University Press, $c 1994.
300       $a 321 p. : $b ill. ; $c 25 cm.
500       $a UCSC: REC HAS NO 901, SOURCE CAN'T BE DETERMINED - REJECT (04/02).
650   0   $a Afro-Americans $z New York (State) $z Geneva $x History.
651   0   $a Geneva (N.Y.) $x Race relations.
902       $a 950321
999       $b 1 $c 950303 $d m $e a $f - $g 0
920       $l mstax

Record 8
