LDR  00893cam  22002778a 45  
001  30030833
003  OCoLC
005  19940514171212.0
008  940308s1995    nju      b    001 0 eng  
010       $a 94010143
020       $a 0813521203 :
040       $a DLC $c DLC $d IXA $d NGU $d CUZ
043       $a n-us-nj
049       $a CUZA
050  00   $a F138 $b .G55 1995
100  1    $a Gillette, William.
245  10   $a Jersey blue : $b Civil War politics in New Jersey, 1854-1865 / $c William Gillette.
260       $a New Brunswick, N.J. : $b Rutgers University Press, $c c1995.
263       $a 9501.
300       $a xi, 389 p. ; $c 24 cm.
500       $a UCSC: NO 902 FIELD - CREATE 005 FROM PROGRAM RUN PARAMETER (04/02).
651   0   $a New Jersey $x Politics and government $y 1861-1865.
651   0   $a New Jersey $x Politics and government $y 1775-1865.
901       $a UCSCb18333072 $b ms    $c -
999       $b 1 $c 950320 $d m $e a $f - $g 0
920       $l mstax

Record 9
