LDR  01147pam  2200313 a 45  
001  30319091
003  OCoLC
005  19950308120847.0
008  940324s1995    dcua     b   f001 0 eng  
010       $a 94011050
020       $a 156098354X
040       $a DLC $c DLC $d CUZ
043       $a n-us-dc
049       $a CUZA
050  00   $a F198 $b .J33 1995
100  1    $a Jacob, Kathryn Allamong.
245  10   $a Capital elites : $b high society in Washington, D.C., after the Civil War / $c Kathryn Allamong Jacob.
260       $a Washington [D.C.] : $b Smithsonian Institution Press, $c c1995.
300       $a x, 318 p. : $b ill. ; $c 24 cm.
500       $a UCSC MONO: REC HAS 2 934 FIELDS WITHOUT ' HAS ' OR ' HAS:'; MOVE TO 852 $x IN ALL 852'S. REC HAS 2 590S WITHOUT ' HAS ' OR ' HAS:'; MOVE TO 852 $x IN ALL 852'S. (04/02).
590       $a 1st 590 - MOVE TO 852 $x IN ALL 852'S.
590       $a 2ND 590 - MOVE TO 852 $x IN ALL 852'S.
901       $a UCSCb18307668 $b ms    $c -
902       $a 950309
934       $a v. 1 (1ST 934 - MOVE TO 852 $x IN ALL 852'S).
934       $a v. 2 (2ND 934 - MOVE TO 852 $x IN ALL 852'S).
999       $b 1 $c 950309 $d m $e a $f - $g 0
920       $l mstax
920       $l mcper

Record 10
