LDR  01316pam  2200337 a 45  
001  30028257
003  OCoLC
005  19940428192857.0
008  940216s1994    ctua     b    001 0 eng  
010       $a 94006380
020       $a 0275948358 (alk. paper)
040       $a DLC $c DLC $d CUZ
043       $a n-usa--
049       $a CUZA
050  00   $a F217.A65 (050$a - 1ST 852) $b A653 1994 (050$b)
245  00   $a Appalachia in an international context : $b cross-national comparisons of developing regions / $c edited by Phillip J. Obermiller and William W. Philliber.
260       $a Westport, Conn. : $b Praeger, $c 1994.
300       $a xviii, 238 p. : $b ill. ; $c 25 cm.
500       $a UCSC MONO: REC HAS 2 920 FIELDS; 1ST 920 HAS NO $a $b, 2ND 920 HAS $a; REC HAS NO 099, 090, 086, HAS 050 $a $b (04/02).
500       $a 1ST 852 - OUTPUT 852 $h $i FROM 050 $a $b.  2ND 852 - OUTPUT 852 $j FROM 920 $a.
650   0   $a Regionalism $z Appalachian Region, Southern.
650   0   $a Regionalism.
651   0   $a Appalachian Region, Southern $x Civilization.
651   0   $a Appalachian Region, Southern $x Economic conditions.
700  10   $a Obermiller, Phillip J.
700  10   $a Philliber, William W., $d 1943-
901       $a UCSCb1829781x $b ms    $c -
902       $a 950303
999       $b 1 $c 950303 $d m $e a $f - $g 0
920       $l mgus
920       $a TAPE A (2ND LOCATION) $l mstax

Record 11
