LDR  00869cam  2200289 a 45  
001  22710043
003  OCoLC
005  19950315051658.0
008  901025s1991    nyub     b    001 0 eng  
010       $a 90022102 //r922
020       $a 0517574675 :
040       $a DLC $c DLC $d CUZ
043       $a n-us-nv $a n-us-ca
049       $a CUZA
050  00   $a F868.S5 $b O46 1991
086       $a HEU/F868.
100  1    $a Olmsted, Gerald W.
245  14   $a The best of the Sierra Nevada / $c Gerald W. Olmsted.
250       $a 1st ed.
260       $a New York : $b Crown, $c c1991.
300       $a xiii, 370 p. : $b maps ; $c 23 cm.
500       $a UCSC MONO: REC HAS 920 $b (NO $a), 050, 086.  OUTPUT 920 $b AS 852 $j (04/02).
651   0   $a Sierra Nevada (Calif. and Nev.) $x Guidebooks.
901       $a UCSCb18323637 $b ms    $c -
902       $a 950316
999       $b 1 $c 950316 $d m $e a $f - $g 4
920       $b F868.S5.046 (920$b) $l mstax

Record 13
