LDR  01181cam  2200337 a 45  
001  29296355
003  OCoLC
005  19950315141931.0
008  940428s1993    hk abc        001 0 eng d
010       $a 94151742
020       $a 0395662397 (pbk.) :
040       $a TxIr $c DLC $d CUZ
042       $a lccopycat
043       $a n-cn---
049       $a CUZR
050  00   $a F1009 $b .C175 1993
245  00   $a Canada / $c created and directed by Hans Hèofer ; edited by Hilary Cunningham ; photography by Joe Viesti ; updated by Prue Hemelrijk.
250       $a 4th ed., Rev.
260       $a [Hong Kong] : $b APA Publications ; $a Boston, Mass. : $b Distributed in the United States by Houghton Mifflin, $c c1993.
300       $a 355 p. : $b ill. (chiefly col.), col. maps, ports. (some col.) ; $c 23 cm.
440   0   $a Insight guides ; $v 237.
500       $a UCSC MONO: 920 HAS NO $a $b, REC HAS NO 099, 090, HAS 050 $a $b - OUTPUT TO 852 $h $i (04/02).
651   0   $a Canada $x Guidebooks.
700  10   $a Cunningham, Hilary.
700  10   $a Hoefer, Hans.
700  10   $a Viesti, Joseph F.
700  10   $a Hemelrijk, Prue.
901       $a UCSCb18324368 $b mr    $c -
902       $a 950316
999       $b 1 $c 950316 $d m $e a $f - $g 0
920       $l mref

Record 14
