LDR  01350aam  2200361 a 45  
001  32051895
003  OCoLC
005  19950306122614.0
008  950112s1994    mx a     b    000 0 spa  
010       $a 95103460
020       $a 9684962606 (volumen)
020       $a 9684962592 (obra completa)
040       $a DLC $c DLC $d CUZ
043       $a n-mx---
049       $a CUZA
050  00   $a F1219.1.G93 $b D456 1994
100  1    $a Dehouve, Daniáele.
245  10   $a Entre el caimâan y el jaguar : $n los pueblos indios de Guerrero / $c Daniáele Dehouve.
250       $a 1. ed.
260       $a Tlalpan, D.F. : $b Centro de Investigaciones y Estudios Superiores en Antropologâia Social, $c c1994.
300       $a 210 p. : $b ill. (some col.) ; $c 22 cm.
440   0   $a Historia de los pueblos indâigenas de Mâexico.
500       $a UCSC MONO: REC HAS 590 ' HAS ' AND 590 ' HAS:' NOTES (NO 934); MOVE 1ST 590 TO 852 $3 IN 1ST 852; DROP 2ND 590 (04/02).
590       $a Library has v.1. (MOVE TO 852 $3 IN 1ST 852).
590       $a Library has: v.2 App. (DROP THIS 590).
650   0   $a Indians of Mexico $z Mexico $z Guerrero (State) $x Social life and customs.
650   0   $a Pueblos $z Mexico $z Guerrero (State) $x History.
651   0   $a Guerrero (Mexico : State) $x History.
901       $a UCSCb18304874 $b ms    $c -
902       $a 950307
999       $b 1 $c 950307 $d m $e a $f - $g 0
920       $l mstax
920       $l mcper

Record 15
