LDR  01362aam  2200361 a 45  
001  32051842
003  OCoLC
005  19950303053510.0
008  950111s1994    mx ab    b    000 0 spa  
010       $a 95103193
020       $a 9684962681
040       $a DLC $c DLC $d CUZ
043       $a n-mx---
049       $a CUZA
050  00   $a F1219.1.G93 $b R57 1994
245  00   $a Rituales agrâicolas y otras costumbres guerrerenses, siglos XVI-XX / $c Marcos Matâias Alonso (comp.)
250       $a 1. ed.
260       $a Mâexico, D.F. : $b CIESAS, $c 1994.
300       $a 181 p. : $b ill., map ; $c 21 cm.
500       $a UCSC MONO: REC HAS 934 ' HAS:' NOTE AND 934 ' HAS ' NOTE; MOVE 1ST TO 852 $3 IN 1ST 852; DROP 2ND 934. (04/02).
650   0   $a Indians of Mexico $z Mexico $z Guerrero (State) $x Agriculture.
650   0   $a Indians of Mexico $z Mexico $z Guerrero (State) $x Rites and ceremonies.
650   0   $a Indians of Mexico $z Mexico $z Guerrero (State) $x Religion.
650   0   $a Agriculture $x Social aspects $z Mexico $z Guerrero (State) $x History.
651   0   $a Guerrero (Mexico : State) $x Social life and cusotms.
700  2    $a Matâias Alonso, Marcos.
901       $a UCSCb18298266 $b ms    $c -
902       $a 950303
934       $a Main Library Has: v. 1 (852 $3 IN 1ST 852).
934       $a Anthropology Library has v. 3 (DROP THIS 934 NOTE).
999       $b 1 $c 950303 $d m $e a $f - $g 0
920       $l mstax
920       $l mcper

Record 16
