LDR  01547cam  22005298a 45  
001  29909333
002  002 FIELD
003  OCoLC
004  004 FLD
005  005 FLD
008  940214s1995    nyu      b    001 0 eng  
009  009 FLD
010       $a 94006727
020       $a 0195089790
020       $a 0195089804 (pbk.)
035       $a 035 FLD
040       $a DLC $c DLC $d IAI $d CUZ
043       $a n-mx---
049       $a CUZA
050  00   $a F1226 $b .M54 1995
090       $a E872 $b .M238 1994
098       $n ov=.b3893753
099  00   $a F1226
100  1    $a Meyer, Michael C.
245  14   $a The course of Mexican history / $c Michael C. Meyer, William L. Sherman.
250       $a 5th ed.
260       $a New York : $b Oxford University Press, $c 1995.
263       $a 9501.
300       $a xii, 723, xxiii p. : $b ill., maps ; $c 26 cm.
500       $a UCSC: DROP FROM OUTPUT REC:001-004, INPUT 005, 009, 590, 850, 852, 855, 857, 858, 866, 867, 868, 886, 899.  OUTPUT 005 WILL BE CREATED FROM INCOMING 902; OUTPUT INCOMING 035 AS IS; OUTPUT ANOTHER 035 FROM INPUT 001; DATA FROM SOME DROPPED FIELDS WILL BE OUTPUT ELSEWHERE (02/06).
590       $a 590 FLD.
651   0   $a Mexico $x History.
700  10   $a Sherman, William L.
850       $a 850 FLD.
852       $a 852 FLD
855       $a 855 FLD
857       $a 857 FLD
858       $a 858 FLD
866       $a 866 FLD
867       $a 867 FLD
868       $a 868 FLD
886       $a 886 FLD
899       $a 899 FLD
901       $a UCSCb18311611 $b ms    $c -
902       $a 950310
999       $b 1 $c 950310 $d m $e a $f - $g 4
920       $l mstax

Record 19
