LDR  01067pam  2200337 a 45  
001  28585578
003  OCoLC
005  19940512161103.0
008  930721s1994    njuab    b    001 0 eng  
010       $a 93030737
020       $a 0131460102
040       $a DLC $c DLC $d CUZ
043       $a n-mx--- $a n-us---
049       $a CUZA
050       $a F1231.5 $b .M3
086       $a HEA $b F1231
090       $a F1231.5 $b .M32 1994
099       $a ABC $a 123 $a 1ST 099
099       $a LCD $a 926 $a 2ND 099
100  1    $a MacLachlan, Colin M.
245  13   $a El Gran Pueblo : $b a history of greater Mexico / $c Colin M. MacLachlan, William H. Beezley.
260       $a Englewood Cliffs, N.J. : $b Prentice Hall, $c c1994.
300       $a xvi, 496 p. : $b ill., maps ; $c 23 cm.
500       $a UCSC: REC HAS 2 099s, 090, 086, 050; OUTPUT ALL $a'S FROM 1ST 099 IN A SINGLE 852 $j (04/02).
651   0   $a Mexico $x History $y 1810-
651   0   $a Mexican-American Border Region $x History.
700  10   $a Beezley, William H.
901       $a UCSCb18325907 $b ms    $c -
902       $a 950316
999       $b 1 $c 950316 $d m $e a $f - $g 3
920       $l mstax

Record 20
