LDR  01398cam  2200397 a 45  
001  27187494
003  OCoLC
005  19940512162155.0
008  921211s1993    nmuab    b    000 0aeng  
010       $a 92044670
020       $a 0826314252
020       $a 185043560X :
040       $a DLC $c DLC $d UKM $d TAI $d CUZ
041  1    $a eng $h ger
043       $a n-mx--- $a e-au---
049       $a CUZA
050  00   $a F1233 $b .P65 1993
086       $a HEA $b P65
090       $a F1233 $b .P65 1993 (090 FIELD)
100  1    $a Pitner, Ernst, $d 1838-1895 or 6.
245  10   $a Maximilian's lieutenant : $b a personal history of the Mexican campaign, 1864-7 / $c Ernst Pitner ; translated and edited by Gordon Etherington-Smith ; note on the Mexican background by Don M. Coerver.
250       $a 1st ed.
260       $a Albuquerque : $b University of New Mexico Press, $c c1993.
300       $a x, 201 p. : $b ill., maps ; $c 23 cm.
500       $a UCSC MONO: HAS 090, 086, 050; OUTPUT 090 $a $b AS 852 $h $i (04/02).
651   0   $a Mexico $x History $y European intervention, 1861-1867 $x Personal narratives, Austrian.
651   0   $a Mexico $x Social conditions.
600  10   $a Pitner, Ernst, $d 1838- $x Diaries.
600  10   $a Pitner, Ernst, $d 1838- $x Correspondence.
653  0    $a Wars.
653  0    $a Mexico.
700  20   $a Etherington-Smith, Gordon.
901       $a UCSCb18325531 $b ms    $c -
902       $a 950316
999       $b 1 $c 950316 $d m $e a $f - $g 0
920       $l mstax

Record 21
