LDR  01191pam  2200349 a 45  
001  28221980
003  OCoLC
005  19950306114224.0
008  930512s1994    nyu      b    001 0 eng  
010       $a 93023903
020       $a 0791418995
020       $a 0791419002 (pbk.)
040       $a DLC $c DLC $d CUZ
049       $a CUZA
050  00   $a B162 $b .050 FIELD
086       $a HEU/D12 086 FIELD
098       $n ov=.b3886050
100  1    $a Cabezâon, Josâe Ignacio, $d 1956-
245  10   $a Buddhism and language: $b a study of Indo-Tibetan scholasticism / $c Josâe Ignacio Cabezâon.
260       $a Albany, N.Y. : $b State University of New York Press, $c c1994.
300       $a xiii, 299 p. ; $c 23 cm.
440   0   $a SUNY series, toward a comparative philosophy of religions.
500       $a UCSC MONO: REC HAS 3 LOCS: 'smaps' & 'mgus' - OUTPUT 086 $a TO 852 $j;  OTHER LOC - OUTPUT 050 $a $b AS 852 $h $i (04/02).
650   0   $a Philosophy, Buddhist.
650   0   $a Language and languages $x Religious aspects $x Dge-lugs-pa (Sect)
650   0   $a Dge-lugs-pa (Sect) $x Doctrines.
901       $a UCSCb18302877 $b ms    $c -
902       $a 950323
999       $b 1 $c 950307 $d m $e a $f - $g 0
920       $l mstax
920       $l smaps
920       $l mgus

Record 22
