LDR  02120cas  2200445 a 45  
001  4128255
003  OCoLC
005  19950822104342.0
008  780811c19539999dcuar1    b  f0   a0eng d
010       $a sn 85000949
022  0    $a 0882-4037
040       $a GPO $c GPO $d GPO $d NSD $d GPO $d NST $d GPO $d DLC $d NST $d GPO $d HUL $d GPO $d CLU
042       $a nsdp $a lcd
043       $a n-us---
049       $a CUZE
074       $a 0556-C
086  0    $a GP 3.24/2:
086  0    $a GP 3.24/2:
098       $n ov=.b3801603
245  00   $a Inactive or discontinued items from the 1950 revision of the classified list.
260       $a Washington, D.C. : $b Office of the Assistant Public Printer (Superintendent of Documents), U.S. G.P.O.,
210  0    $a Inact. discontin. Hems 1950 rev. classif. list.
222   0   $a Inactive or discontinued items from the 1950 revision of the classified list.
265       $a Supt. of Docs., U.S. Govt. Print. Off., Washington, D.C. 20402.
300       $a v. ; $c 28 cm.
310       $a Annual, $b 1977-
321       $a Irregular, $b 1953-76.
362  1    $a Began with 1953.
500       $a UCSC PE: RECORD HAS 3 INCOMING 850S WITH LOC. IN $b; 1ST AND 3RD LOCS ARE THE SAME - OUTPUT 2 852'S, 1ST 852 HAS $m TAKEN FROM INCOMING 850 $e; 2ND LOCATION IS 'nrlf', 852 $g NRLF NOTE TAKEN FROM 850 $g, WITH "NRLF: " APPENDED TO BEGINNING. OUTPUT 852 $D (Currently received) & 852 $O FROM 901 $c IN 1ST LOC SEG ONLY (04/02).
650   0   $a Government publications $z United States $x Bibliography $x Periodicals.
710  1    $a United States. $b Superintendent of Documents. $b Depository Administration Branch.
772  0    $t List of classes of United States government publications available for selection by depository libraries $x 0882-4045 $w (DLC)  90649584 $w (OCoLC)5529709.
850       $b mgref $d 3 $e Located in Government Publications Office $h 1981+ $i Copy 1 - Depository.
850       $b nrlf $d 3 $g All issues $h 1953-1976 $i Copy 2.
850       $b mgref $d 3 $e Located in Government Publications Office $h Latest edition only $i Copy 3.
901       $a UCSCb17470249 $b mg    $c 1
902       $a 950828
999       $b 1 $c 950822 $d s $e s $f 1 $g 0
920       $l mgref
920       $l nrlf

Record 25
