LDR  01072 as  2200265 a 45  
008  690928s1895       ab         0   0 fre  
090       $a E51.S68
098       $n ov=.b2397961
110  2    $a Sociâetâe des amâericanistes de Paris.
245  10   $a Journal.
260       $a Paris $c 1895.
300       $a v     illus., maps.
500       $a UCSC PE: OUTPUT 1 852, TAKEN FROM 1ST 920, DROP 2ND LOC (nrlf).  OUTPUT 852 $3 FROM 850 $a, INDEX INFO FROM 855.  APPEND '; Index: ' TO END OF 852 $3 BEFORE APPENDING 855. TAKE 852 $m FROM INCOMING 858.  DROP 855, 858 FLDS (04/02).
650       $a America $x Antiquities $x Societies, etc.
850       $a 1-4(1895-1903),  Ser.2: 1-49(1904-1960),  51-52(1962-1963),  54:1(1965),  55-78(1966-1992)
855       $a 63-72(1977-1986)
856       $a Volumes listed by author/title in the fiche/online catalog. Please consult Reference.
858       $a Latest: GovPubs Office. Other: GovPubs US Docs.
901       $a UCSCb15177580 $b multi $c 3
902       $a 950515
999       $b 2 $c 941201 $d s $e s $f 2 $g 0
920       $l mstax
920       $l mstax
920       $l nrlf
920       $l nrlf

Record 26
