LDR  01497cas  22004457a 45  
001  1758539
003  OCoLC
005  19950717141900.0
008  751101c19449999fr dnzne      0   b0fre d
010       $a sn 85020897
022       $a 0395-2037
040       $a MUL $c MUL $d PIT $d AIP $d HUL $d AIP $d IUL $d AIP $d NSD $d NST $d DLC $d ONP $d CRL $d NSD
042       $a nsdp $a msc
043       $a e-fr---
049       $a CUZA
098       $n ov=.b2367828
050       $a T050
086       $a T086
130  0    $a Monde (Paris, France)
245  03   $a Le Monde.
260       $a Paris : $b Le Monde, $c 1944-
210  0    $a Monde.
222   3   $a Le Monde.
265       $a Le Monde, 5, rue des Italiens, 75427 Paris.
300       $a v.
310       $a Daily (except combined Sun.-Mon. issue), $b <1985->
321       $a Daily, $b 1944-
362  0    $a 1áere annâee, no 1 (19 dâec. 1944)-
500       $a UCSC PE: LOC IS IN 850 $b. OUTPUT CALL NUM FROM 850 $c TO 852 $j; OUTPUT 852 $3 FROM 850 $h (04/02).
530       $a Available on microfilm from Research Publications.
650   0   $a France $x Newspapers.
780  00   $t Temps (Paris, France : 1861) $w (DLC)sn 91069075.
775  0    $t Monde.  Sâelection hebdomadaire $x 0026-9360 $w (OCoLC)3945430.
776  1    $t Monde $w (OCoLC)6683204.
752       $a France $d Paris.
850       $b mnews $d - $h (850 $h) Latest issue in Newspaper area; back issues retained until replaced by microfilm $c 850$c $i Newspaper.
901       $a UCSCb1850923x $b mf    $c 4
902       $a 950831
999       $b 1 $c 950718 $d s $e s $f 1 $g 3
920       $l mform

Record 27
