LDR  01765 as  2200421 a 45  
008  831006d1979198ucauar    s   s0   a1eng d
010       $a 85643959
040       $a CUN $c CUN $d DLC $d NST $d DLC $d m/c $d NST $d OCL $d DLC $d CUZ
042       $a lc
043       $a n-us-ca
049       $a CUZA
050       $a 050 SUBFLD A $a SUBFLD A
086       $a 086 SUBFLD A $z SUBFLD Z $2 SUBFLD 2 $6 SUBFLD 6
090       $a 090 SUBFLD A $a SUBFLD A $b SUBFLD B
098       $n ov=.b3347722
099       $a 099 SUBFLD A $b SUBFLD B
245  00   $a Individual long-term care facility data for California / $c California Health Facilities Commission.
260       $a [Sacramento] : $b The Commission, $c 1981-
300       $a v. ; $c 28 cm.
310       $a Annual.
362  0    $a Fiscal years ending Dec. 31, 1978-Dec. 31, 1979-
490  1    $a 1978-1979: Report / California Health Facilities Commission.
500       $a UCSC PE: 2 LOCS IN 850 FLDS; HAS 099, 090, 086, 050 CALL NUM FLDS. 1ST LOC - OUTPUT CALL NUM FROM 099 $a $b TO 852 $h $i. 2ND LOC - OUPUT 852 $j FROM 850 $c (04/02).
650   0   $a Long-term care facilities $z California $x Statistics $x Periodicals.
650   0   $a Long-term care facilities $z California $x Finance $x Statistics $x Periodicals.
780  00   $t Continues: California long-term care data for health systems agencies.
785  00   $t Continued by: Individual long-term care facility financial data.
710  20   $a California Health Facilities Commission.
760  0    $t Report (California Health Facilities Commission)
760  0    $t CHFC report.
830   0   $a Report (California Health Facilities Commission)
830   0   $a CHFC report.
850       $b mgcal $h 1965-
850       $b mstax $c 850$c $h 1965-
901       $a UCSCb15304425 $b mg    $c 5
902       $a 950411
999       $b 1 $c 941201 $d s $e s $f 1 $g 0
920       $l smaps

Record 28
