LDR  01259 as  2200289 a 45  
001  27063834
008  921204c19929999dcuar     s  f0    0eng d
010       $a sn 93020027
040       $a HBS $c HBS $d NST $d GPO $d HUL $d CUZ
042       $a lcd
043       $a n-us-mn
049       $a CUZS
086       $a 086 SUBFLD A $a SUBFLD A $z SUBFLD Z
050       $a 050 SUBFLD A $a 2ND SUBFLD A
098       $n ov=.b3499200
245  00   $a Occupational compensation survey--pay and benefits. $p St. Cloud, Minnesota, metropolitan area / $c U.S. Department of Labor, Bureau of Labor Statistics.
260       $a Washington, DC : $b The Bureau : $b U.S. G.P.O., Supt. of Docs. [distributor] ; $a Chicago, IL : $b Bureau of Labor Statistics, Publications Sales Center [distributor], $c 1992-
310       $a Annual.
362  0    $a Apr. 1992-
490  1    $a Bulletin / U.S. Department of Labor, Bureau of Labor Statistics.
500       $a UCSC PE: REC HAS 2 LOCATIONS, 086 AND 050 CALL NUM FIELDS.  1ST LOC IS 'mgus', OUTPUT 852 $j FROM 1ST $a IN 086 FIELD.  2ND LOC IS NOT 'mgus', 'mmaps' OR 'smaps', OUTPUT 852 $j FROM 1ST $a IN 050 FIELD (04/02).
850       $b mgus $d - $h 1982-1992+
850       $b mstax $d - $h 1992+
901       $a UCSCb15309174 $b ms    $c c
902       $a 950831
999       $b 1 $c 941201 $d s $e s $f 1 $g 0
920       $l sstax

Record 30
