LDR  01287 as  2200361 a 45  
008  820906d1979198ucauar    s   s0   a1fre d
010       $a 73111223
040       $a CUN $c CUN $c CUZ
042       $a lc
043       $a n-us-ca
049       $a CUZA
050       $a 050 SUBFLD A $b SUBFLD B
086       $a 086 SUBFLD A $z SUBFLD Z
090       $a 090 SUBFLD A $b SUBFLD B
098       $n ov=.b3347722
099       $a 099 SUBFLD A $a 2ND SUBFLD A $b SUBFLD B $b 2ND SUBFLD B
245  00   $a California Hospice Care Commission Report.
260       $a [Sacramento] : $b The Commission, $c 1981-
300       $a v. ; $c 28 cm.
310       $a Annual.
362  0    $a Fiscal years ending Dec. 31, 1978-Dec. 31, 1979-
500       $a UCSC PE: LOC IS IN 920, REC HAS 099, 090, 086, 050 CALL NUM FIELDS; TAKE 852 $h $i FROM FIRST $a AND FIRST $b IN 099 (04/02).
650   0   $a Long-term care facilities $z California $x Statistics $x Periodicals.
780  00   $t Continues: Report of the Commission on Hospice Care.
710  20   $a California Hospice Care Commission.
760  0    $t Report (California Hospice Care Commission)
760  0    $t CHCC report.
830   0   $a Report (California Hospice Care Commission)
830   0   $a CHCC report.
901       $a UCSCb13546525 $b mg    $c 1
902       $a 950411
999       $b 1 $c 941201 $d s $e s $f 1 $g 0
920       $l mgcal

Record 31
