LDR  00992nas  2200289 a 45  
008  650121c19929999dcuar    r    0    0eng d
010       $a    65037377
040       $a PIT $c PIT $d IUL $d CUZ
042       $a lcd
043       $a n-us--- $a n-cn---
049       $a CUZA
050       $a 050 SUBFLD A $a SUBFLD A $b SUBFLD B
086       $a 086 SUBFLD A $z SUBFLD Z $2 SUBFLD 2 $6 SUBFLD 6
090       $a 090 SUBFLD A $a 2ND SUBFLD A
098       $n ov=.b3372212
130  0    $a Studies in graduate education in sorcery. $f 1965.
245  10   $a Studies in graduate education in sorcery.
260       $a Washington, D.C. : $b American Sorcerers Guild, $c c1992-
300       $a v. ; $c 28 cm.
310       $a Annual.
362  0    $a 1992-
500       $a UCSC PE: LOC IN 920 FIELD; REC HAS 090, 086, 050 CALL NUM FIELDS. TAKE 852 $j FROM FIRST $a IN 090 FIELD. (04/02).
650   0   $a Sorcery $x Study and teaching (Graduate) $z USA $x Directories.
901       $a UCSCb13509558 $b mr    $c 2
902       $a 950630
999       $b 1 $c 941201 $d s $e s $f 1 $g 0
920       $l mrtab

Record 32
