LDR  00796 as  2200253 a 45  
001  64123834
008  911105c19929999dcuar     s  f0    0eng d
010       $a    91320027
040       $a HBS $c HBS $d NST $d GPO $d HUL $d CUZ
042       $a lcd
043       $a n-us-mn
049       $a CUZS
086       $a 086 SUBFLD A $a 2ND SUBFLD A $2 SUBFLD 2 $6 SUBFLD 6
050       $a 050 SUBFLD A $a SUBFLD A
098       $n ov=.b3499200
245       $a Dragonslayers' Annual.
260       $a Bald Mountain, Transylvania : $b Dragonslayers Guild, $c 1756-
310       $a Annual.
362  0    $a 1757-
500       $a UCSC PE: LOC 'smaps' IS IN 920 FIELD, RECORD HAS 086 AND 050 CALL NUM FIELDS.  TAKE 852 $j FROM FIRST $a IN 086 FIELD. (04/02).
901       $a UCSCb12518174 $b ms    $c 3
902       $a 950831
999       $b 1 $c 941201 $d s $e s $f 1 $g 0
920       $l smaps

Record 33
