LDR  00826 as  2200253 a 45  
001  93123834
008  930105c19929999dcuar     s  f0    0eng d
010       $a    93456027
040       $a HBS $c HBS $d NST $d GPO $d HUL $d CUZ
042       $a lcd
043       $a n-us-mn
049       $a CUZS
086       $a 086 SUBFLD A $a SUBFLD A $2 SUBFLD 2
050       $a 050 SUBFLD A $b SUBFLD B
098       $n ov=.b3499200
245       $a Journal of the Guild of sorcerers, magicians, and warlocks.
260       $a London : $b Guild of sorcerers, magicians, and warlocks, $c 1213-
310       $a Annual.
362  0    $a 1757-
500       $a UCSC PE: LOC IN 920 FIELD IS NOT 'smaps' or 'mgus', RECORD HAS 086 AND 050 CALL NUM FIELDS.  TAKE 852 $h $i FROM 050 $a $b (04/02).
901       $a UCSCb12314564 $b ms    $c z
902       $a 950831
999       $b 1 $c 941201 $d s $e s $f 1 $g 0
920       $l mstax

Record 34
