LDR  00957nas  2200277Ia 45  
001  12227186
003  OCoLC
005  19950224150849.0
008  850702d17811783nyuuu n a     0   a0eng d
040       $a VA@ $c VA@ $d CUZ
049       $a CUZF
099       $a Microfilm
099       $a Microfilm
245  04   $a The Pennsylvania evening post, and public advertiser $h [microform]
260       $a Philadelphia [Pa.] : $b B. Towne, $c 1781-1783.
300       $a 3 v.
310       $a Semiweekly.
362  0    $a Vol. 7, no. 760 (Aug. 3, 1781)-v. 9, no. 906 (May 19, 1783)
500       $a UCSC PE: NO 850 $b (LOC CODE): NO 852 CREATED, REJECT (02/06).
780  00   $t Pennsylvania evening post $w (OCoLC) 12227152.
785  00   $t Pennsylvania evening post, and daily advertiser $w (OCoLC) 12227170.
752       $a United States $b Pennsylvania $d Philadelphia.
850       $a 7:760- 9:906(Aug. 3, 1781- May 19, 1783)
901       $a UCSCb1809207x $b mf    $c -
902       $a 950421
999       $b 1 $c 950224 $d s $e s $f 2 $g 4

Record 35
LDR  00864 XX  2200193 a 45  
008  920408u19uu9999caumx p       0   a0eng d
040       $a CUZ $c CUZ
049       $a CUZN[Serial][Archives]
098       $n ov=.b3315587
260       $a Santa Cruz, Calif. : $b University of California, Santa Cruz, $c [1972-
300       $a v. ; $c 28 cm.
310       $a Monthly (irregular)
362  0    $a Jan. 1972-
500       $a UCSC: DELETE REC (901 $c = "d"); NO 245, UNKNOWN LOC, NO 902, INVALID TYPE & BIBLVL - CREATE DELETE REC, DO NOT CREATE 998 ERR FLDS, USE FILEDATE FOR 005 (06/02).
610  20   $a University of California, Santa Cruz. $b Arboretum $x Periodicals.
850       $a 1972:Jan.-Apr.,  June-Aug.,  Oct.-Dec.,  1973:Jan.,  Mar.-Aug.,  1974:July-Sept.,  1975:Jan.-Mar.,  Aug.1975/Feb. 1976,  Aug. 1976/Feb. 1977.
901       $a UCSCb15301783 $b sp    $c d
999       $b 1 $c 941201 $d s $e s $f 2 $g 0
920       $l XXXXX

Record 36
