LDR  01051 as  2200277 a 45  
001  29482627
008  931213c19939999enkuu         0    0eng d
040       $a JBL $c JBL $d CUZ
049       $a CUZA
090       $a PS324.I5
098       $n ov=.b3700768
245  00   $a International who's who in poetry and Poets' encyclopaedia.
260       $a Cambridge, England : $b International Biographical Centre, $c c1993-
300       $a v. ; $c 25 cm.
362  0    $a 7th ed. (1993/94)-
500       $a UCSC PE: 2 LOCS FROM 850 $b. 1ST LOC - CREATE SEPARATE 852 $m'S FROM MULTIPLE 850 $e'S.  2ND LOC - OUTPUT 852 $g NRLF NOTE FROM 850 $g (04/02).
580       $a Separated from: International authors' and writers' who's who.
650   0   $a Poetry $y 20th century $x Bio-bibliography.
700  10   $a Shields, M. J.
730  00   $a Poets' encyclopaedia.
850       $b mrtab $d 1 $e 1ST $e $e 2ND $e $e 3RD $e $h 1993/94(7th ed.)+
850       $b nrlf $d 3 $g All issues (850$g) $h 2-65(1901-1965) $i Copy 2.
901       $a UCSCb15316002 $b mr    $c 2
902       $a 950731
999       $b 1 $c 941201 $d s $e s $f 1 $g 0
920       $l mrtab

Record 37
