LDR  01528cas  2200433 a 45  
001  27313684
003  OCoLC
005  19950711152730.0
008  930125d19911994nyu x1p       0   a0eng d
010       $a 93643109 //r94 $z sn 92030938
022  0    $a 1068-8919
040       $a IXA $c IXA $d HUL $d DLC $d NSD $d WAU $d GUA $d DLC $d GUA $d NSD $d DLC $d HUL
042       $a lc $a nsdp
043       $a cl-----
049       $a CUZR
090       $a JC599.L3 $b N49
098       $n ov=.b3261505
130  0    $a Americas Watch (Newsletter)
245  00   $a Americas Watch : $b [newsletter]
260       $a New York, N.Y. : $b Americas Watch, $c [   -1994]
210  0    $a Am. Watch.
246  10   $a News from Americas Watch.
222   0   $a Americas Watch.
300       $a 4 v. ; $c 28 cm.
310       $a Irregular.
362  0    $a Feb. 25, 1991-v. 6, no. 1 (Feb. 24, 1994)
500       $a UCSC PE: LOC IS IN 920 - OUTPUT 852 $m'S FROM INPUT 858 FLDS; CREATE 852 $3 FROM 850 $a (04/02).
650   0   $a Civil rights $z Latin America $x Periodicals.
780  00   $t News from Americas Watch $x 1061-9909 $w (DLC)   90661198 $w (OCoLC)20252786.
785  00   $t Human Rights Watch/Americas (Newsletter) $x 1077-6710 $w (DLC)   94643688 $w (OCoLC)30486545.
710  2    $a Americas Watch Committee (U.S.)
850       $a 4:3-6:1(Apr. 1992-Feb. 24, 1994) (850$a)
858       $a Latest 2 yrs: Ref Table. Other: Stacks (858 FLD).
858       $a LATEST ISSUE IN LIBRARY LOUNGE (858 FLD).
901       $a UCSCb18546924 $b mr    $c 3
902       $a 950726
999       $b 1 $c 950711 $d s $e s $f 2 $g 0
920       $l mrtab
920       $l mrtab

Record 38
