LDR  00989 as  2200265 a 45  
001  2269844
008  760620d19041951gw uu p       0    0ger d
010       $a sf 83001184
040       $a PIT $d NST $d NYG $d CUZ
042       $a lc
049       $a CUZA
090       $a TP250.D45
098       $n ov=.b3458258
245  00   $a Zeitschrift fèur Elektrochemie und angewandte physikalische Chemie : $b herausgegeben von der Deutsche Bunsen-Gesellschaft fèur Angewandte.
260       $a Halle : $b Wilhelm Knapp, $c 1904-1951.
300       $a 47 v. : $b ill., ports. ; $c 28-30 cm.
362  0    $a [Bd.] 10, Nr. 1 (Jan. 1, 1904)-Bd. 55, Nr. 8 (Dez. 1951).
500       $a UCSC PE: LOC IN 920 - OUTPUT 852 $g NOTE FROM INCOMING 857 FIELD AFTER APPENDING 'NRLF: ' TO BEGINNING.  DO NOT OUTPUT 857. (04/02).
650   0   $a Electrochemistry, Industrial $x Periodicals.
850       $a 10-55(1904-1951)
857       $a All issues (857 FLD).
901       $a UCSCb15308066 $b nrlf  $c 4
902       $a 950317
999       $b 1 $c 941201 $d s $e s $f 2 $g 0
920       $l nrlf

Record 39
