LDR  00765 as  2200241 a 45  
008  731024s1972                  0   0 eng  
090       $a SH11.A3
098       $n ov=.b2319561
245  00   $a Commercial fisheries review.
260       $a [Washington, $b Govt. Print. Off.]
300       $a v. illus., maps, diagrs. bimonthly.
362  0    $a v. 1-34, no. 5/6; Jan. 1939-May/June 1972.
500       $a UCSC PE: LOC IN 920 FIELD; RECORD HAS 855 (INDEX INFO), BUT NO 850 $a (HOLDINGS) - DO NOT OUTPUT 852 $3; DISREGARD 855 (04/02).
650       $a Fish trade.
855       $a 27-29,  31.
857       $a All issues except index.
901       $a UCSCb15102580 $b multi $c 2
902       $a 950710
999       $b 2 $c 941201 $d s $e s $f 2 $g 0
920       $l sstax
920       $l sstax
920       $l nrlf
920       $l nrlf

Record 40
