LDR  00824 as  2200253 a 45  
008  720811s0000                  0   0 ger00
090       $a Z2221.R4
098       $n ov=.b2388911
245  00   $a Referatedienst zur Literaturwissenschaft.
260       $a Berlin.
300       $a v.
362       $a Jahrg. 1- 1969-
500       $a UCSC PE: LOC IN 920 FIELD; HOLDINGS IN 850 $a; 855 CONTAINS STRING 'INDEX: ' FOLLOWED BY INDEX INFO.  APPEND '; ' TO END OF HOLDINGS, FOLLOWED BY 855 FIELD AS IS AND OUTPUT AS 852 $3. (04/02).
650   0   $a German literature $x Book reviews $x Periodicals.
850       $a 1969-1990.
855       $a Index: 1986-1989.
857       $a All issues except Index.
901       $a UCSCb15168955 $b multi $c 2
902       $a 950710
999       $b 2 $c 941201 $d s $e s $f 2 $g 0
920       $l mref
920       $l mref
920       $l nrlf
920       $l nrlf

Record 41
