LDR  00582nam  2200157   45  
008                                     eng  
098       $n ov=.b2598759
245  00   $a Studies in the fine arts: the Avant-garde.
260  0    $a Ann Arbor : $b UMI Research Press.
300       $a 260 p., illus.
500       $a UCSC MONO: 901 $c CONTAINS VALID VALUE 'h'; SET STATUS TO 'd' IN LEADER (DELETE). (04/02).
856       $a Volumes listed by author/title in the fiche/online catalog. Please consult Reference.
901       $a UCSCb1735772x $b none  $c h
902       $a 950831
920       $l sstax $d -
999       $b 0 $c 890110 $d s $e s $f h $g 0

Record 42
