LDR  00834 as  2200205 a 45  
008  690927s1928                  0   0 ger  
022       $a 0001-6241
090       $a ML5.A24
098       $n ov=.b2287535
245  00   $a Acta musicologica. $b (International Musicological Society)
362       $a 1928.
500       $a UCSC PE: HOLDINGS IN 850 $h; 850 $j HAS INDEX INFO, BEGINNING WITH STRING 'Index: '.  APPEND '; ' TO HOLDINGS, FOLLOWED BY 850 $j AND OUTPUT IN 852 $3 (04/02).
710  20   $a International Musicological Society.
710  20   $a International Musicological Society. $t Mitteilungen.
710  20   $a International Musicological Society. $t Bulletin.
850       $b mcper $d - $h 1-7(1928-1935),  35(1963)+ $j Index: 1-39:2(1928-May 1967)
901       $a UCSCb15072125 $b ms    $c 1
902       $a 951107
999       $b 1 $c 941201 $d s $e s $f 1 $g 0
920       $l mstax $u v.v.60 1988

Record 43
