LDR  00858 as  2200217 a 45  
008  690927s1929                  0   0 eng  
022       $a 0001-4966
090       $a QC221.A4
098       $n ov=.b2287262
110  2    $a Acoustical Society of America.
245  10   $a Journal of the Acoustical Society of America.
260       $a New York, $b American Institute of Physics $c 1929-
300       $a v. monthly.
500       $a UCSC PE: HOLDINGS IN 850 $h; 850 $j CONTAINS INDEX INFO, BUT DOES NOT CONTAIN STRING 'INDEX: '; APPEND '; Index: ' TO HOLDINGS FOLLOWED BY 850 $j, AND OUTPUT IN 852 $3 (04/02).
500       $a Vol. 1-16 (1929-1945) issued in CD-ROM format.
650   0   $a Sound $x Periodicals.
850       $b scper $d - $h 1(1929)+ $j 1-64(1929-1978)
901       $a UCSCb15071868 $b ss    $c 1
902       $a 951206
999       $b 1 $c 941201 $d s $e s $f 1 $g 0
920       $l scpro $a Disk 434 $u v.v.1-16, 1929-1945

Record 44
