LDR  01124nas  2200193   45  
008                                     eng  
098       $n ov=.b3676559
245       $a Community Cable Letter.
260  1    $a Santa Cruz, CA.
300       $a v. ; 23 cm.
500       $a UCSC PE: RECORD HAS 4 590 FIELDS: 'SHARED PURCHASE' 590 OUTPUT IN 852 $z; 'LIBRARY HAS' 590 DROPPED; OTHER 2 590S OUTPUT AS 852 $x FLDS (04/02).
590       $a TOSS ANY ISSUES RECEIVED--Per Publ's notice of 1/15/94, title changed from CALIFORNIA CABLE LETTER to COMMUNITY CABLE LETTER effective with Jan94. Why are they telling us? We cancelled our P.O.1011674 back in May of 1991. The title was withdrawn and all issues have been discarded. Per phone, reminded publ. of cancell. They say the Jan.94 iss. already sent, but will not send any more. jr 1/25/94  (Output 852 $x).
590       $a Continues: CALIFORNIA CABLE LETTER (Output 852 $x).
590       $a Shared purchase with UCSD (output 852 $z).
590       $a Library has January 1994 issue only. (Do not output).
850       $b mcper $d 1
901       $a UCSCb17689715 $b none  $c 5
902       $a 950613
999       $b 0 $c        $d s $e s $f n $g 0

Record 45
