LDR  00880 as  2200265 a 45  
008  900516c19889999sp tr p       0    0spa d
010       $a sn 90016235
040       $a COO $c NST $d ELM $d CUZ
042       $a msc
049       $a CUZA
090       $a QA1.R443
098       $n ov=.b3349548
245  00   $a Revista matemâatica de la Universidad Complutense de Madrid / $c Facultad de Ciencias Matemâaticas, Universidad Complutense de Madrid.
260       $a Madrid : $b La Universidad,
300       $a v. : $b ill. ; $c 24 cm.
310       $a Three no. a year.
362  0    $a Vol. 1, no. 1-2 y 3 (1988)-
500       $a UCSC PE: 901 $c = 'd', SET STATUS TO 'd' (DELETE) IN LEADER. (04/02).
650   0   $a Mathematics $x Periodicals.
710  20   $a Universidad Complutense de Madrid.
850       $b scper $d 1 $h 4(1991)+
901       $a UCSCb15304978 $b ss    $c d
902       $a 950426
999       $b 1 $c 941201 $d s $e s $f 1 $g 0
920       $l sstax

Record 46
