LDR  00922 as  2200253Ia 45  
001  8534491
008  900612                             eng  
010       $a 03-25387
040       $a DLC $c VIC $d VIC $d OCL
049       $a CUZK
090       $a Z2012.B91
245  10   $a Censura literaria. $b Containing titles, abstracts, and opinions of old English books, with original disquisitions, articles of biography, and other literary antiquities.
260       $a London, $b Longman, Hurst, Rees, and Orme, $c 1805-09.
300       $a 10 v. $c 22 cm.
310       $a Published semiannually 1805-1809.
500       $a UCSC PE: RECORD HAS 'nrlf' AS ONLY LOC CODE IN 920 $l; OUTPUT 852 FOR "nrlf". (04/02).
650   0   $a English literature $y Early modern, 1500-1700.
650   0   $a English literature.
850       $a Library has: v. 1-10.
901       $a UCSCb11594639 $b nrlf  $c -
902       $a 950306
999       $b 1 $c 941201 $d m $e a $f - $g 0
901       $a 9428100
920       $l nrlf

Record 48
