LDR  00956 as  2200289 a 45  
008  920505c19uu9999cauqr        s0    0eng d
010       $a sn 92017373
040       $a CLU $c CLU $d CUZ
042       $a lcd
043       $a n-us-ca
049       $a CUZA
098       $n ov=.b3350721
099       $a B825.N4 (1ST 099)
099       $a B825.N4 (2ND 099)
245  00   $a Title 24 newsletter / $c California Building Standards Commission.
260       $a Sacramento, CA : $b The Commission,
300       $a v. : $b ill. ; $c 28 cm.
310       $a Quarterly.
500       $a UCSC PE: LOC IN 920 $l, CALL NUM IN 099 WITH SINGLE $a; OUTPUT 852 $j FROM 1ST 099 (04/02).
610  20   $a California Building Standards Commission $x Periodicals.
650   0   $a Building laws $z California $x Periodicals.
710  20   $a California Building Standards Commission.
730  00   $a Title twenty four newsletter.
901       $a UCSCb15305090 $b mg    $c 1
902       $a 950426
999       $b 1 $c 941201 $d s $e s $f 1 $g 0
920       $l mgcal

Record 49
