LDR  01249Qam  22003019a 45  
008  820714s1931    ksu           000 0 eng  
010       $a gs 31000215
040       $a DLC $c CarP $d CU-SC
043       $a n-us-ks $a n-us-mo
090       $a QE113.A2 no.17
100  1    $a Sayre, Albert Nelson, $d 1901-
245  14   $a The fauna of the Drum limestone of Kansas and western Missouri,
260       $a Lawrence, Kan., $b State geological survey $c [1931]
300       $a 2 p.l., 75-203 p. incl. xxi pl. $c 23 cm.
490       $a Kansas. State geological survey. Bulletin 17.
500       $a Thesis (PH.D.)-University of Chicago, 1928. On cover: Bulletin of the University of Kansas, v. 31, no. 12, June 15, 1930. Reprinted from the University of Kansas.  Science bulletin, v. 19, no. 8, July 1930. Bibliographical foot-notes.
500       $a UCSC MONO: 4 920 LOCS; 1 BEGIN WITH 'x', 2 IDENTICAL; DROP 'x' LOC AND OUTPUT TWO 852'S (04/02).
650   0   $a Paleontology $z Kansas.
650   0   $a Paleontology $z Missouri.
650   0   $a Paleontology $y Pennsylvanian.
740  01   $a Drum limestone of Kansas and western Missouri.
901       $a UCSCb17002163 $b ss    $c -
902       $a 960129
999       $b 1 $c 941201 $d m $e a $f - $g 4
920       $l spc
920       $l mform
920       $l xtool
920       $l mform

Record 50
