LDR  00960Qam  22002659a 45  
008  821218s1932    ksuab         000 0 eng  
010       $a gs 33000388
040       $a DLC $c CarP $d CU-SC
043       $a n-us-ks
090       $a QE113.A2 no.19
100  1    $a Moss, Rycroft Gleason, $d 1904-
245  14   $a The geology of Ness and Hodgeman counties, Kansas,
260       $a Lawrence, $b kans., Printed by authority of the state of Kansas, $c 1932.
300       $a 48 p. $b incl. illus., tabes, diagrs. 2 fold. col. maps, fold. diagr. $c 23 cm.
490       $a Kansas. State geological survey. Bulletin 19.
500       $a Bibliographical foot-notes.
500       $a UCSC MONO: 3 920 LOCS; ALL 3 BEGIN WITH 'x': DO NOT OUTPUT ANY 852 FLDS, REJECT (02/06).
650   0   $a Geology $z Kansas $z Ness County.
650   0   $a Geology $z Kansas $z Hodgeman County.
901       $a UCSCb1687013x $b ss    $c -
902       $a 960129
999       $b 1 $c 941201 $d m $e a $f - $g 4
920       $l xbind
920       $l xrout
920       $l xillo

Record 51
