LDR  00857 as  2200265 a 45  
008  690927s1958                  0   0 eng  
090       $a PR1.A2
098       $n ov=.b2286798
245  00   $a Abstracts of English studies.
260       $a Boulder, Colo., $b National Council of Teachers of English.
310       $a 10 no. a year.
362  0    $a 1-   1958-
500       $a UCSC PE: 5 850 LOCS; 1 BEGIN WITH 'x', 2 IDENTICAL; DROP 'x' LOC AND OUTPUT THREE 852 FIELDS (04/02).
710  20   $a National Council of Teachers of English.
850       $b scper $d - $h 1(1968)+
850       $b sstax $d - $h 1(1968)+
850       $b xbind $d - $h 1(1968)+
850       $b sstax $d - $h 1(1968)+
850       $b nrlf $d - $h 1(1968)+
858       $a 1987-1991: Ref Tables. Other: Stacks.
901       $a UCSCb15071443 $b mr    $c 2
902       $a 960304
999       $b 1 $c 941201 $d s $e s $f 2 $g 0
920       $l mrtab
920       $l mrtab

Record 52
