LDR  00983 as  2200313 a 45  
008  810630s1968                  0   0 eng  
022  0    $a 0016-4842
030       $a ACHRE4
040       $a MUL $c MUL $d SUL $d OCL $d HUL $d COO $d NSD $d HUL $d NSD $d m.c.
049       $a CUZA
090       $a QD1.A264
098       $n ov=.b2287225
245  00   $a Accounts of chemical research.
260       $a [Easton, Pa.] $b American Chemical Society.
222   0   $a Accounts of chemical research.
300       $a v. $b ill. $c 29 cm. monthly.
362  0    $a v. 1-   Jan. 1968-
500       $a UCSC PE: 4 850 LOCS; ALL 4 BEGIN WITH 'x': DO NOT OUTPUT ANY 852'S; REJECT (02/06).
650   0   $a Chemistry $x Research $x Periodicals.
710  20   $a American Chemical Society.
850       $b xdesk $d - $h 1(1968)+
850       $b xtool $d - $h 1(1968)+
850       $b xacq $d - $h 1(1968)+
850       $b xtool $d - $h 1(1968)+
901       $a UCSCb15071820 $b ss    $c 1
902       $a 960307
999       $b 1 $c 941201 $d s $e s $f 1 $g 0
920       $l sstax $u v. $e 17
920       $l sstax

Record 53
