LDR  00771 as  2200241 a 45  
008  700729s1969       a          0   0 eng  
090       $a RM315.A1A4
098       $n ov=.b2287997
245  00   $a Advances in biochemical psychopharmacology.
260       $a New York, $b Raven Press. $c 1969.
300       $a v. illus.
500       $a Editors: v.1- E. Costa and P. Greengard.
500       $a UCSC PE: 3 920 LOCS; TWO BEGIN 'x'; 1 'nrlf'; DROP 'x' LOCS AND OUTPUT 852 FOR  'nrlf' (04/02).
650   0   $a Neuropsychopharmacology.
700  10   $a Costa, Erminio, $d 1924-
700  10   $a Greengard, Paul, $d 1925-
850       $a 1-46(1969-1990)
901       $a UCSCb15072575 $b ss    $c 2
902       $a 960309
999       $b 1 $c 941201 $d s $e s $f 2 $g 0
920       $l xillo $u v.v.32
920       $l xbind
920       $l nrlf $u v.v.45

Record 54
