LDR  00744 as  2200241 a 45  
008  111771s0000                  0   0 eng00
090       $a Z674.A4
098       $n ov=.b2288734
245  00   $a Advances in librarianship.
260       $a New York, Academic Press.
300       $a v. 24cm.
362       $a v.1- 1970-
500       $a Editor: v.1- M.J. Voigt.
500       $a UCSC PE: 3 920 LOCS; 1 BEGIN 'x', 1 'nrlf', OTHER IS 'sref'; OUTPUT 852 FOR 'sref', but not 'nrlf' (04/02)
650   0   $a Library science $x Periodicals.
700  10   $a Voigt, Melvin John, $d 1911-
850       $a 1-30(1959-1986)
901       $a UCSCb15073294 $b ms    $c 1
902       $a 960304
999       $b 1 $c 941201 $d s $e s $f 1 $g 0
920       $l xbind $u v.v.9 1979
920       $l nrlf
920       $l sref $u v.v.15 1991

Record 55
