LDR  00640 as  2200241 a 45  
008  711124s0000                  0   0 eng00
022       $a 0001-8708
090       $a QA1.A3
098       $n ov=.b2288813
245  00   $a Advances in mathematics.
260       $a New York, Academic Press.
300       $a v.
362       $a v.1; 1961-
500       $a UCSC PE: 4 920 LOCS; ALL 4 BEGIN 'x'; DO NOT OUTPUT 852'S; REJECT (02/06).
650   0   $a Mathematics $x Periodicals.
850       $a 1-46(1969-1990)
901       $a UCSCb15073373 $b ss    $c 1
902       $a 960307
999       $b 1 $c 941201 $d s $e s $f 1 $g 0
920       $l xillo
920       $l xbind
920       $l xdesk
920       $l xrout

Record 56
