LDR  02036cms  2200481 a 45  
001  33892801
003  OCoLC
005  19970312192959.0
006  sqx p       0    0
007  crucnu
008  951212c19969999mdu        d        eng d
010       $a sn 95006651
022  0    $a 1086-3230
037       $b Johns Hopkins University Press, P.O. Box 19966, Baltimore, MD 21211 $c $27.00
040       $a NSD $c NSD $d OCL $d NSD $d GUA $d WAU $d IUL $d CUZ
042       $a lcd
049       $a CUZA
130  0    $a Imagine (Baltimore, Md. : Online)
222   0   $a Imagine $b (Online)
245  10   $a Imagine $h [computer file]
260       $a Baltimore, Md. : $b Johns Hopkins University Press, $c c1996-
310       $a Five no. a year.
362  0    $a Vol. 4, no. 1 (Sept./Oct. 1996)-
500       $a UCSC MRDF: TYPE = "m", BIBLEV = "s", HAS 850 & 920; TREAT AS SERIAL, TAKE LOC FROM 850 (04/02).
516       $a Text and graphics (electronic journal)
520       $a "Opportunities and resources for academically talented youth."
530       $a Also available in a print ed.
538       $a Mode of access: Internet.  Address for full text: http://muse.jhu.edu/journals/imagine.
538       $a System requirements: PDF file reader.
550       $a Published for the Study of Exceptional Talent (SET) at the Johns Hopkins Institute for the Academic Advancement of Youth (IAAY)
550       $a Digitized and made available by: Project Muse.
650   0   $a Gifted teenagers $x Education $x Periodicals.
710  2    $a Johns Hopkins University. $b Study for Exceptional Talent.
710  2    $a Johns Hopkins University. $b Institute for the Academic Advancement of Youth.
710  2    $a Project Muse.
776  1    $t Imagine (Baltimore, Md.) $x 1071-605X $w (DLC)sn 93002086 $w (OCoLC)28689601.
850       $b nnet $c   $d - $h 4(1996)+ via Internet.
856  7    $u http://muse.jhu.edu/journals/imagine $2 http $z View full text.
856  7    $u http://muse.jhu.edu $2 http $z View Project Muse.
901       $a UCSCb19239002 $b nnet  $c 1
902       $a 970313
920       $l mstax (920)
999       $b 1 $c 970312 $d s $e m $f 1 $g 0

Record 58
