LDR  01843cXb  2200457 a 45  
001  33892627
003  OCoLC
005  19970312193219.0
006  sqr1p   o   0   a0
007  crucnu
008  951212c19969999mdu        d        eng d
010       $a sn 95006658
022  0    $a 1086-3214
037       $b Johns Hopkins University Press, P.O. Box 19966, Baltimore, MD 21211 $c $54.90
040       $a NSD $c NSD $d OCL $d NSD $d GUA $d WAU $d CUZ
042       $a nsdp $a lcd
049       $a CUZA
130  0    $a Journal of democracy (Online)
210  0    $a J. democr. $b (Online)
222   0   $a Journal of democracy $b (Online)
245  10   $a Journal of democracy $h [computer file]
260       $a Baltimore, MD : $b National Endowment for Democracy : $b Johns Hopkins University Press, $c [1995-
310       $a Quarterly.
362  0    $a 7.1 (Jan. 1996)-
500       $a UCSC: SERIALS REC WITH UNKNOWN TYPE, SO FORMAT DEFAULTS TO BKS; HAS 850, NO 920, SO NO 852 CREATED - REJECT (02/06).
538       $a System requirements: World Wide Web browser software.
538       $a Mode of access: Internet.  Address for full text: http://muse.jhu.edu/journals/journal $o f $d emocracy.
516       $a Text (electronic journal)
530       $a Also available in a print ed.
650   0   $a Representative government and representation $x Periodicals.
650   0   $a Democracy $x Periodicals.
650   0   $a Political participation $x Periodicals.
710  2    $a National Endowment for Democracy (U.S.)
710  2    $a Project Muse.
776  1    $t Journal of democracy $x 1045-5736 $w (DLC)   90640838 $w (OCoLC)20333981.
850       $b nnet $c   $d - $h 7(1996)+ via Internet.
856  7    $u http://muse.jhu.edu/journals/journal $o f $d emocracy $2 http $z View full text.
856  7    $u http://muse.jhu.edu $2 http $z View Project Muse.
901       $a UCSCb19239014 $b nnet  $c 1
902       $a 970313
999       $b 1 $c 970312 $d s $e m $f 1 $g 0

Record 59
