LDR  00851 as  2200217 a 45  
008  700902s1958       a          0   0 fre  
022       $a 0007-9731
090       $a CB3.C3
098       $n ov=.b230921x
245  00   $a Cahiers de civilisation medievale.
260       $a Poitiers $c 1958.
300       $a v. illus., facsims. quarterly.
500       $a UCSC PE: TWO 850S WITH LOC CODES IN $b, ONE 850 HAS $f = '1', THE OTHER $f = '0'; OUTPUT ONE 852 FOR 850 WITH $f = '1' (04/02).
500       $a 1969-    "Bibliographie" section issued separately.
650   0   $a Civilization, Medieval $x Periodicals.
710  20   $a Universitâe de Poitiers. $b Centre d'âetudes supâerieures de civilisation mâediâevale.
850       $b mcper $d - $e Back issues: Stacks. $f 1 $h 1(1958)+
850       $b mstax $d - $f 0 $i Biblio.
901       $a UCSCb15092847 $b multi $c 1
902       $a 971209
999       $b 2 $c 941201 $d s $e s $f 1 $g 0

Record 60
