LDR  01282 as  2200289 a 45  
008  830127s1974                  0   0 eng  
040       $a CUZ $c CUZ
049       $a CUZA
090       $a Q183.3.C33U5a
098       $n ov=.b2431506
110  2    $a University of California, Santa Cruz.
245  10   $a Science notes from the University of California, Santa Cruz.
260       $a Santa Cruz, Calif. : $b Division of Natural Sciences of the University of California, $c [1974-
300       $a v. : $b ill. ; $c 28-43 cm.
362  0    $a Vol. 1, no. 1 (June 1974)-
500       $a UCSC PE: 4 LOCS IN 850 $b; ALL 850 $f'S = '1'; ONE LOC BEGINS WITH 'x'.  OUTPUT 852S FOR ALL EXCEPT 'x' LOC. (04/02).
500       $a Caption title.
610  20   $a University of California, Santa Cruz $x Periodicals.
650   0   $a Science $x Study and teaching (Higher) $z California $z Santa Cruz.
710  20   $a University of California, Santa Cruz. $b Division of Natural Sciences.
850       $b sparc $d - $f 1 $h 1-21(1974-1995) $i Copy 1.
850       $b meast $d - $f 1 $h 1-22(1974-1996) $i Copy 1.
850       $b sstax $d - $f 1 $h 1-12(1974-1986),  13:1(Summer 1987),  14-18(1988-1992),  19:1(Winter 1993),  20:2(Winter 1994),  21(1995) $i Copy 2.
850       $b xnet $d - $f 1.
901       $a UCSCb15208886 $b multi $c 1
902       $a 971208
999       $b 3 $c 941201 $d s $e s $f 1 $g 0

Record 61
