LDR  01026 as  2200289 a 45  
001  12884328
008  870120s1986                  0   0 eng  
010       $a 86-645169
022  0    $a 0886-4179
040       $a NSD $c NSD $d OCL $d NSD $d DLC $d NST
049       $a CUZA
090       $a Z6941.S38
098       $n ov=.b2476836
130  0    $a Serials directory (Birmingham, Ala.)
222   4   $a The serials directory $b (Birmingham, Ala.)
245  14   $a The serials directory : $b an international reference book.
260       $a Birmingham, Ala. : $b EBSCO, $c c1986-.
300       $a v. ; $c 28 cm.
310       $a Annual.
362  0    $a 1986-.
500       $a UCSC PE: ONE LOC IN 850 $b; $f = '1'; LOC CODE BEGINS WITH 'x'; DO NOT OUTPUT ANY 852'S - REJECT (02/06).
650   0   $a Serial publications $x Bibliography $x Periodicals.
650   0   $a Periodicals $x Directories.
850       $b xacq $d a $e Latest: Acquisitions. Other: Ref Desk,Sci Ref. $f 1 $h Latest 3 editions and supplements.
901       $a UCSCb15251500 $b multi $c 1
902       $a 971216
999       $b 3 $c 941201 $d s $e s $f 1 $g 4

Record 62
