LDR  00726 as  2200241oa 45  
001  14082977
008  860821s19uu                  0   0 eng  
022       $a 0737-951x
040       $a CUZ $c CUZ
049       $a CUZA
090       $a QA76.9.D3D26
098       $n ov=.b2473495
245  00   $a Database alert.
260       $a White Plains, N.Y. : $b Knowledge Industry Publications.
300       $a v. ; $c 28 cm.
500       $a UCSC PE: ONE LOC IN 850 $b; $f = '0'; DO NOT OUTPUT ANY 852'S - REJECT (02/06).
650   0   $a Database management $x Periodicals.
650   0   $a Computer service industry $x Directories.
780  00   $t Data base alert.
850       $b sref $d m $f 0.
901       $a UCSCb15248434 $b ss    $c -
902       $a 971208
999       $b 1 $c 941201 $d s $e s $f h $g 0

Record 63
