LDR  00722 as  2200205 a 45  
008  770621s1975                  0   0 eng  
022       $a 0360-5280
090       $a QA76.5.A1B9
098       $n ov=.b2308897
245  00   $a Byte.
260       $a Peterborough, N.H., $b Byte Publications [etc.]
300       $a v. ill. monthly.
362       $a v.1-    Sept. 1975-    .
500       $a UCSC PE: LOCS TAKEN FROM 850S: 1ST 850 HAS $f THAT IS NOT '1', 2ND 850 $b IS A LOC BEGINNING WITH 'x'. DO NOT OUTPUT ANY 852'S, REJECT (02/06).
650       $a Minicomputers $x Periodicals.
850       $b scper $d - $e Back issues: Stacks. $f 0 $h 2(1977)+ $i copy 2.
850       $b xbind $d m $f 1
901       $a UCSCb15092537 $b multi $c 1
902       $a 971120
999       $b 2 $c 941201 $d s $e s $f 1 $g 0

Record 64
