LDR  01125 as  2200277 a 45  
008  760817s1941                  0   0 eng  
022       $a 0002-9246
090       $a H1.A48
098       $n ov=.b229333x
245  00   $a American journal of economics and sociology.
260       $a New York.
300       $a v. ill. quarterly.
362       $a v.1-    Oct. 1941-    .
500       $a UCSC PE: OUTPUT 852 $D AND $O OF 1ST LOC BASED ON VALUE IN 901 $c; OUTPUT 852 $D'S AND $O'S OF OTHER LOCS BASED ON VALUE IN 850 $3. OUTPUT $O BUT NOT $D FOR 852 WHERE 850 $3 HAS AN UNKNOWN VALUE ("X"). (04/02).
650       $a Social sciences $x Periodicals.
850       $b mcper $d q $e Back issues: Stacks. $f 1 $h 1(1941)+
850       $b mgpub $c   $d   $3 1 $f 1 $h Oct. 1995-
850       $b mhres $c   $d   $3 z $f 1 $h Apr. 1993-
850       $b sstax $d q $e Back issues: Stacks. $3 3 $f 1 $h 1(1941)+
850       $b merc $c   $d   $3 4 $f 1 $h Oct. 1995-
850       $b cosmo $c   $d   $3 5 $f 1 $h Apr. 1993-
850       $b scper $d q $e Back issues: Stacks. $3 a $f 1 $h 1(1941)+
850       $b mgcal $d q $e Back issues: Stacks. $3 X $f 1 $h 1(1941)+
901       $a UCSCb15077640 $b multi $c a
902       $a 980806
999       $b 4 $c 941201 $d s $e s $f 1 $g 0

Record 65
