LDR  00970pam  2200301 a 45  
001  30668015
003  OCoLC
005  19950306122500.0
008  940419s1994    oncb     b    001 0 eng d
010       $a cn 94931290
020       $a 0802029728 (bound) :
020       $a 0802077420 (pbk.) :
040       $a CaOTU $b eng $c NLC $d NGU $d CUZ
043       $a n-cn-on
049       $a CUZA
100  1    $a Henry, Frances, $d 1931-
260       $a Toronto : $b University of Toronto Press, $c c1994.
300       $a xv, 297 p. : $b map ; $c 24 cm.
500       $a UCSC: RECORD HAS NO 245 FIELD, CREATE ERROR FIELD (04/02).
650   0   $a Blacks $z Ontario $z Toronto Metropolitan Area.
650   0   $a Blacks $z Caribbean Area.
650   0   $a Immigrants $z Ontario $z Toronto Metropolitan Area.
650   0   $a Racism $z Ontario $z Toronto Metropolitan Area.
651   0   $a Toronto Metropolitan Area (Ont.) $x Race relations.
901       $a UCSCb18304746 $b ms    $c -
902       $a 950307
999       $b 1 $c 950307 $d m $e a $f - $g 4
920       $l mstax

Record 67
