LDR  01141nam  2200337Ia 45  
001  32026134
003  OCoLC
005  19940508173133.0
008  950221m19949999mx a     b    000 0 spa d
020       $a 9688423939 (obra completa)
020       $a 9688423947 (t. 1)
040       $a AZU $c AZU $d CUZ
043       $a n-mx---
049       $a CUZA
090       $a F1219 $b .H658 1994
245  00   $a Historia antigua de Mâexico / $c coordinadores, Linda Manzanilla y Leonardo Lâopez Lujâan.
250       $a 1. ed.
260       $a Mâexico, D.F. : $b Consejo Nacional para la Cultura y las Artes : $b Universidad Nacional Autâonoma de Mâexico : $b M.A. Porrâua, Grupo Editorial, $c 1994-
300       $a v. : $b ill. ; $c 23 cm.
500       $a UCSC: UNKNOWN LOCATION CODE - CREATE ERROR FIELD (04/02).
650   0   $a Indians of Mexico $x History.
651   0   $a Mexico $x History $y To 1519.
650   0   $a Indians of Mexico $x Antiquities.
651   0   $a Mexico $x Antiquities.
700  10   $a Manzanilla, Linda.
700  20   $a Lâopez Lujâan, Leonardo.
901       $a UCSCb18319385 $b ms    $c -
902       $a 950314
999       $b 1 $c 950314 $d m $e a $f - $g 0
920       $l mstax $u v.v.1
920       $l XXXX $u v.v.1

Record 68
