LDR  00937nmb  2200241   45  
008  690928s192        ab         00000 eng  
086       $a I 28.27:
090       $g FICHE $a TN295.U4
098       $n ov=.b2435019
110       $a United States. Bureau of Mines.
245  00   $a Information circular.
260  0    $a Washington, U.S. Dept. of the Interior, $b Bureau of Mines.
300       $a v     illus., maps.
362       $a 1-; 192 -
500       $a UCSC MRDF: TYPE = "m", BIBLEV = "b", HAS 850 & 920; OUTPUT AS SERIAL, TAKE LOC FROM 850 (04/02).
650   0   $a Mines and mineral resources $x Collected works.
650       $a Mines and mineral resources $z United States $x Collected works.
850       $b sstax $d   $e Some earlier issues in printed format. $h 6111+ (scattered holdings)
856  7    $u http://muse.jhu.edu/journals/imagine $2 http $z View full text.
901       $a UCSCb17528331 $b none  $c 1
902       $a 950320
920       $l mstax (920)
999       $b 1 $c 690928 $d s $e   $f   $g 0

Record 70
