LDR  01960cas  2200481   45  
001  5731039
007  cr un---------
008  791126c19099999inuqr1p       0   a0eng d
010       $a 13003548  $z sc 80000602
022  0    $a 0003-0031
030       $a AMNAAF
032       $a 020720 $b USPS
040       $a NYG $c NYG $d DLC $d NSD $d DLC $d SER $d RCS $d AIP $d NST $d CAS $d NST $d AGL $d NSD $d NST $d RBN $d CUS
042       $a lc $a nsdp
069  1    $a A25364000
090       $a QH1.A35
091  00   $a QH1 $b .A35
210  0    $a Am. midl. nat
222   4   $a The American midland naturalist
245  04   $a The American midland naturalist
260       $a Notre Dame, Ind., $b University of Notre Dame
300       $a v. $b ill. $c 24 cm
310       $a Quarterly
321       $a Bimonthly
362  0    $a v. 1, no. 5-   Dec. 1909-
500       $a UCSC PE: NO 850 OR 920 IN RECORD, NO 852 CREATED - REJECT (02/06).
510  1    $a Biological & agricultural index $x 0006-3177
530       $a Scanned images of back issues are available via the World Wide Web to subscribers of JSTOR
599       $a UPD $b updated holdings in >856 for Exp. Acad. $c 020304
650   0   $a Natural history $v Periodicals
655   7   $a Online resources. $2 local
710  2    $a University of Notre Dame
710  2    $a JSTOR (Organization)
710  2    $a BioOne (Organization)
730  0    $a Expanded Academic ASAP
776  1    $t American midland naturalist (Online : JSTOR (Organization)) $w (DLC)   00227427 $w (OCoLC)45446837
780  00   $t Midland naturalist $x 0271-6844 $w (DLC)sf 82006978
856  41   $3 v.139(1998)-v.140(1998),v.144(2000)- $z BioOne. Restricted to UC campuses $u http://uclibs.org/PID/7217
856  41   $3 v.1:no.5(1909)- [Latest 3 years not available online] $z JSTOR. Restricted to UC campuses $u http://uclibs.org/PID/217
856  41   $3 Selected article text for 1992- $z Expanded Academic ASAP. Restricted to UC campuses $u http://uclibs.org/PID/7218
901       $a UCSCb15078218 $b multi $c -
902       $a 020506
999       $b 3 $c 020418 $d s $e s $f - $g 4

Record 72
