LDR  01651cmi  2200457 a 4500
001  8998034
005  20040405121233.0
007  cr unu--------
008  821129c19839999dcubr1p       0   a0eng d
010       $a 83644089  $z sn 82007815
022  0    $a 0735-7044
030       $a BENEDJ
032       $a 279160 $b USPS
035       $a (SFXObjID)954925536094
037       $b Subscription Section, APA, 1400 N. Uhle St., Arlington, Va. 22201
040       $a NSD $c NSD $d IUL $d IXA $d SMC $d NST $d RCS $d DLC $d NST $d DLC $d AIP $d DLC $d AIP $d NST $d AIP $d NSD $d AIP $d NST $d AIP $d NST $d AIP $d NST $d CAS $d NST $d NSD $d OCL $d SYS $d NLM $d OCLCQ
041  0    $a eng $b eng
042       $a lc $a nsdp
060  00   $a W1 $b BE13M
082  0    $a 152 $2 19
090       $a QL750.B55
091       $a BF1 $b .B39
210  0    $a Behav. neurosci
222   0   $a Behavioral neuroscience
245  00   $a Behavioral neuroscience
260       $a Washington, D.C. : $b American Psychological Association, $c [c1983-
300       $a v. : $b ill. ; $c 26 cm
310       $a Bimonthly
362  0    $a Vol. 97, no. 1 (Feb. 1983)-
500       $a UCSC PE: INTEGRATING RESOURCE - TYPE = 'm', BIBLVL = 'i'; OUTPUT AS SERIAL, DO NOT OUTPUT ERROR (07/06).
650   0   $a Psychology, Comparative $v Periodicals
793  0    $a PsycARTICLES online journals. $g a
850       $b nnet $f 1
850       $b scper $d - $e Back issues: Stacks. $3 1 $f 1 $h 97(1983)-
856  41   $3 v.99(1985)- $z PsycARTICLES. Restricted to UC campuses $u http://uclibs.org/PID/36876
891  12   $9 853 $8 1 $a v. $b no. $u 06 $v r $i (year) $j (month) $w b $x 02
891  40   $9 863 $8 1 $a <97>- $i <1983>- $x provisional
901       $a UCSCb15086823 $b multi $c -
902       $a 060510
999       $b 3 $c 060324 $d s $e s $f - $g 0
994       $a cdl

Record 74
