LDR  01197nam  2200325Ia 4500
003  CaPaEBR
006  m        u        
007  cr cn|||||||||
008  980817s2001    cau     s     001 0 eng d
010       $z 98041359
035       $a ebr10014752
040       $a CaPaEBR $c CaPaEBR
091       $a HF5415 $b .E677 2001eb
100  1    $a Lesonsky, Rieva
245  10   $a Entrepreneur magazine's 103 start-up marketing tips $h [electronic resource] / $c by Rieva Lesonsky
260       $a Irvine, CA : $b Entreprenuer Media, $c 2001
300       $a xxii, 126 p
500       $a UCSC: OUTPUT 035 AS IS (02/06).
533       $a Electronic reproduction. $b Palo Alto, Calif. : $c ebrary, $d 2005. $n Available via World Wide Web. $n Access may be limited to ebrary affiliated libraries
650   0   $a Marketing
650   0   $a Marketing $x Management
650   0   $a Consumer behavior
655   7   $a Electronic books. $2 local
710  2    $a ebrary, Inc
730  0    $a Entrepreneur (Santa Monica, Calif.)
856  40   $u http://site.ebrary.com/lib/ucsc/Doc?id=10014752 $z An electronic book accessible through the World Wide Web; click to view
901       $a UCSCb24344643 $b nnet  $c -
902       $a 050831
999       $b 0 $c 050831 $d m $e a $f - $g 0
920       $l nnet

